@INPROCEEDINGS {copilot_security,
author = {H. Pearce and B. Ahmad and B. Tan and B. Dolan-Gavitt and R. Karri},
booktitle = {2022 2022 IEEE Symposium on Security and Privacy (SP) (SP)},
title = {Asleep at the Keyboard? Assessing the Security of GitHub Copilot's Code Contributions},
year = {2022},
issn = {2375-1207},
pages = {980-994},
doi = {10.1109/SP46214.2022.00057},
url = {https://doi.ieeecomputersociety.org/10.1109/SP46214.2022.00057},
publisher = {IEEE Computer Society},
address = {Los Alamitos, CA, USA},
month = {may}
}

@inproceedings{Alexandru2018,
author = {Alexandru, Carol V. and Merchante, Jos\'{e} J. and Panichella, Sebastiano and Proksch, Sebastian and Gall, Harald C. and Robles, Gregorio},
title = {On the Usage of Pythonic Idioms},
year = {2018},
isbn = {9781450360319},
booktitle = {Proceedings of the 2018 ACM SIGPLAN International Symposium on New Ideas, New Paradigms, and Reflections on Programming and Software},
publisher = {Association for Computing Machinery},
address = {New York, NY, USA},
url = {https://doi.org/10.1145/3276954.3276960},
doi = {10.1145/3276954.3276960},
pages = {1–11},
numpages = {11},
location = {Boston, MA, USA},
series = {Onward! 2018}
}

@misc{koopman,
  url = {https://safeautonomy.blogspot.com/2022/04/maturity-levels-for-autonomous-vehicle.html},
  author = {Philip Koopman},
  title = {Maturity Levels for Autonomous Vehicle Safety},
  year = {2022},
  last-visited = {May 2022}
}

@misc{airbnb_code,
  url = {https://github.com/airbnb/javascript},
  author = {Airbnb},
  title = {Airbnb JavaScript Style Guide},
  year= {2012},
  last-visited = {May 2022}
}

@misc{code_clone,
  doi = {10.48550/ARXIV.2204.06894},
  url = {https://arxiv.org/abs/2204.06894},
  author = {Ciniselli, Matteo and Pascarella, Luca and Bavota, Gabriele},
  keywords = {Software Engineering (cs.SE), FOS: Computer and information sciences, FOS: Computer and information sciences},
  title = {To What Extent do Deep Learning-based Code Recommenders Generate Predictions by Cloning Code from the Training Set?},
  publisher = {arXiv},
  year = {2022},
  copyright = {arXiv.org perpetual, non-exclusive license}
}

@misc{copilot,
  doi = {10.48550/ARXIV.2107.03374},
  url = {https://arxiv.org/abs/2107.03374},
  author = {Chen, Mark and Tworek, Jerry and Jun, Heewoo and Yuan, Qiming and Pinto, Henrique Ponde de Oliveira and Kaplan, Jared and Edwards, Harri and Burda, Yuri and Joseph, Nicholas and Brockman, Greg and Ray, Alex and Puri, Raul and Krueger, Gretchen and Petrov, Michael and Khlaaf, Heidy and Sastry, Girish and Mishkin, Pamela and Chan, Brooke and Gray, Scott and Ryder, Nick and Pavlov, Mikhail and Power, Alethea and Kaiser, Lukasz and Bavarian, Mohammad and Winter, Clemens and Tillet, Philippe and Such, Felipe Petroski and Cummings, Dave and Plappert, Matthias and Chantzis, Fotios and Barnes, Elizabeth and Herbert-Voss, Ariel and Guss, William Hebgen and Nichol, Alex and Paino, Alex and Tezak, Nikolas and Tang, Jie and Babuschkin, Igor and Balaji, Suchir and Jain, Shantanu and Saunders, William and Hesse, Christopher and Carr, Andrew N. and Leike, Jan and Achiam, Josh and Misra, Vedant and Morikawa, Evan and Radford, Alec and Knight, Matthew and Brundage, Miles and Murati, Mira and Mayer, Katie and Welinder, Peter and McGrew, Bob and Amodei, Dario and McCandlish, Sam and Sutskever, Ilya and Zaremba, Wojciech},
  keywords = {Machine Learning (cs.LG), FOS: Computer and information sciences, FOS: Computer and information sciences},
  title = {Evaluating Large Language Models Trained on Code},
  publisher = {arXiv},
  year = {2021},
  copyright = {arXiv.org perpetual, non-exclusive license}
}

@inbook{github_bugs,
author = {Karampatsis, Rafael-Michael and Sutton, Charles},
title = {How Often Do Single-Statement Bugs Occur? The ManySStuBs4J Dataset},
year = {2020},
isbn = {9781450375177},
publisher = {Association for Computing Machinery},
address = {New York, NY, USA},
url = {https://doi.org/10.1145/3379597.3387491},
booktitle = {Proceedings of the 17th International Conference on Mining Software Repositories},
pages = {573–577},
numpages = {5}
}

@misc{chain_of_thought,
  doi = {10.48550/ARXIV.2203.11171},
  url = {https://arxiv.org/abs/2203.11171},
  author = {Wang, Xuezhi and Wei, Jason and Schuurmans, Dale and Le, Quoc and Chi, Ed and Narang, Sharan and Chowdhery, Aakanksha and Zhou, Denny},
  keywords = {Computation and Language (cs.CL), Artificial Intelligence (cs.AI), FOS: Computer and information sciences, FOS: Computer and information sciences},
  title = {Self-Consistency Improves Chain of Thought Reasoning in Language Models},
  publisher = {arXiv},
  year = {2022},
  copyright = {Creative Commons Attribution 4.0 International}
}