@INPROCEEDINGS {copilot_security,
author = {H. Pearce and B. Ahmad and B. Tan and B. Dolan-Gavitt and R. Karri},
booktitle = {2022 2022 IEEE Symposium on Security and Privacy (SP) (SP)},
title = {Asleep at the Keyboard? Assessing the Security of GitHub Copilot's Code Contributions},
year = {2022},
issn = {2375-1207},
pages = {980-994},
doi = {10.1109/SP46214.2022.00057},
url = {https://doi.ieeecomputersociety.org/10.1109/SP46214.2022.00057},
publisher = {IEEE Computer Society},
address = {Los Alamitos, CA, USA},
month = {may}
}

@INPROCEEDINGS{shokri21,
  author={Shokri, Ali},
  booktitle={IEEE/ACM International Conference on Automated Software Engineering (ASE)}, 
  title={A Program Synthesis Approach for Adding Architectural Tactics to An Existing Code Base}, 
  year={2021},
  volume={},
  number={},
  pages={1388-1390},
  doi={10.1109/ASE51524.2021.9678705}}

@INPROCEEDINGS{karmakar21,
  author={Karmakar, Anjan and Robbes, Romain},
  booktitle={IEEE/ACM International Conference on Automated Software Engineering (ASE)}, 
  title={What do pre-trained code models know about code?}, 
  year={2021},
  volume={},
  number={},
  pages={1332-1336},
  doi={10.1109/ASE51524.2021.9678927}}

@incollection{Keim2020,
  doi = {10.1007/978-3-030-58923-3_15},
  url = {https://doi.org/10.1007/978-3-030-58923-3_15},
  year = {2020},
  publisher = {Springer International Publishing},
  pages = {220--228},
  author = {Jan Keim and Angelika Kaplan and Anne Koziolek and Mehdi Mirakhorli},
  title = {Does {BERT} Understand Code? {\textendash} An Exploratory Study on the Detection of~Architectural Tactics in Code},
  booktitle = {Software Architecture}
}

@article{Maslow1943,
  doi = {10.1037/h0054346},
  url = {https://doi.org/10.1037/h0054346},
  year = {1943},
  month = jul,
  publisher = {American Psychological Association ({APA})},
  volume = {50},
  number = {4},
  pages = {370--396},
  author = {A. H. Maslow},
  title = {A theory of human motivation.},
  journal = {Psychological Review}
}

@inproceedings{kazman98,
	author = {Kazman, R. and Klein, M. and Barbacci, M. and Longstaff, T. and Lipson, H. and Carriere, J.},
	booktitle = {International Conference on Engineering of Complex Computer Systems},
	date-added = {2015-12-10 20:09:49 +0000},
	date-modified = {2015-12-10 20:10:20 +0000},
	doi = {10.1109/ICECCS.1998.706657},
	month = {Aug},
	pages = {68-78},
	title = {The architecture tradeoff analysis method},
	year = {1998},
	publisher = {{IEEE} Comput. Soc},
	bdsk-url-1 = {http://dx.doi.org/10.1109/ICECCS.1998.706657},
	bdsk-url-2 = {https://dx.doi.org/10.1109/ICECCS.1998.706657}
}

@inproceedings{Arab2022,
  doi = {10.1145/3491102.3502070},
  url = {https://doi.org/10.1145/3491102.3502070},
  year = {2022},
  month = apr,
  publisher = {{ACM}},
  address = {New York, NY, USA},
  articleno = {66}, 
  numpages = {15},
  author = {Maryam Arab and Thomas D. LaToza and Jenny Liang and Amy J. Ko},
  title = {An Exploratory Study of Sharing Strategic Programming Knowledge},
  booktitle = {{CHI} Conference on Human Factors in Computing Systems}
}

@inproceedings{Vaithilingam2022,
  doi = {10.1145/3491101.3519665},
  url = {https://doi.org/10.1145/3491101.3519665},
  year = {2022},
  month = apr,
  author = {Priyan Vaithilingam and Tianyi Zhang and Elena L. Glassman},
  title = {Expectation vs.~Experience: Evaluating the Usability of Code Generation Tools Powered by Large Language Models},
  publisher = {Association for Computing Machinery}, 
  address = {New York, NY, USA},
  booktitle = {{CHI} Conference on Human Factors in Computing Systems Extended Abstracts}
}

@inproceedings{natural,
author = {Hindle, Abram and Barr, Earl T. and Su, Zhendong and Gabel, Mark and Devanbu, Premkumar},
title = {On the Naturalness of Software},
year = {2012},
isbn = {9781467310673},
publisher = {IEEE Press},
booktitle = {Proceedings of the 34th International Conference on Software Engineering},
pages = {837–847},
numpages = {11},
location = {Zurich, Switzerland},
series = {ICSE '12}
}

@inproceedings{Ernst2017,
  doi = {10.1109/icsa.2017.25},
  url = {https://doi.org/10.1109/icsa.2017.25},
  year = {2017},
  month = apr,
  publisher = {{IEEE}},
  author = {Neil A. Ernst and Stephany Bellomo and Ipek Ozkaya and Robert L. Nord},
  title = {What to Fix? Distinguishing between Design and Non-design Rules in Automated Tools},
  booktitle = {2017 {IEEE} International Conference on Software Architecture ({ICSA})}
}

@article{Menzies2013,
  doi = {10.1109/tse.2012.83},
  url = {https://doi.org/10.1109/tse.2012.83},
  year = {2013},
  month = jun,
  publisher = {Institute of Electrical and Electronics Engineers ({IEEE})},
  volume = {39},
  number = {6},
  pages = {822--834},
  author = {Tim Menzies and Andrew Butcher and David Cok and Andrian Marcus and Lucas Layman and Forrest Shull and Burak Turhan and Thomas Zimmermann},
  title = {Local versus Global Lessons for Defect Prediction and Effort Estimation},
  journal = {{IEEE} Transactions on Software Engineering}
} 

@article{DeRemer1976,
  doi = {10.1109/tse.1976.233534},
  url = {https://doi.org/10.1109/tse.1976.233534},
  year = {1976},
  month = jun,
  publisher = {Institute of Electrical and Electronics Engineers ({IEEE})},
  volume = {{SE}-2},
  number = {2},
  pages = {80--86},
  author = {F. DeRemer and H.H. Kron},
  title = {Programming-in-the-Large Versus Programming-in-the-Small},
  journal = {{IEEE} Transactions on Software Engineering}
}

@inproceedings{Alexandru2018,
author = {Alexandru, Carol V. and Merchante, Jos\'{e} J. and Panichella, Sebastiano and Proksch, Sebastian and Gall, Harald C. and Robles, Gregorio},
title = {On the Usage of Pythonic Idioms},
year = {2018},
isbn = {9781450360319},
booktitle = {Proceedings of the 2018 ACM SIGPLAN International Symposium on New Ideas, New Paradigms, and Reflections on Programming and Software},
publisher = {Association for Computing Machinery},
address = {New York, NY, USA},
url = {https://doi.org/10.1145/3276954.3276960},
doi = {10.1145/3276954.3276960},
pages = {1–11},
numpages = {11},
location = {Boston, MA, USA},
series = {Onward! 2018}
}

@misc{koopman,
  url = {https://safeautonomy.blogspot.com/2022/04/maturity-levels-for-autonomous-vehicle.html},
  author = {Philip Koopman},
  title = {Maturity Levels for Autonomous Vehicle Safety},
  year = {2022},
  last-visited = {May 2022}
}

@misc{airbnb_code,
  url = {https://github.com/airbnb/javascript},
  author = {Airbnb},
  title = {Airbnb JavaScript Style Guide},
  year= {2012},
  last-visited = {May 2022}
}

@misc{code_clone,
  doi = {10.48550/ARXIV.2204.06894},
  url = {https://arxiv.org/abs/2204.06894},
  author = {Ciniselli, Matteo and Pascarella, Luca and Bavota, Gabriele},
  keywords = {Software Engineering (cs.SE), FOS: Computer and information sciences, FOS: Computer and information sciences},
  title = {To What Extent do Deep Learning-based Code Recommenders Generate Predictions by Cloning Code from the Training Set?},
  publisher = {arXiv},
  year = {2022},
  copyright = {arXiv.org perpetual, non-exclusive license}
}

@misc{copilot,
  doi = {10.48550/ARXIV.2107.03374},
  url = {https://arxiv.org/abs/2107.03374},
  author = {Chen, Mark and Tworek, Jerry and Jun, Heewoo and Yuan, Qiming and Pinto, Henrique Ponde de Oliveira and Kaplan, Jared and Edwards, Harri and Burda, Yuri and Joseph, Nicholas and Brockman, Greg and Ray, Alex and Puri, Raul and Krueger, Gretchen and Petrov, Michael and Khlaaf, Heidy and Sastry, Girish and Mishkin, Pamela and Chan, Brooke and Gray, Scott and Ryder, Nick and Pavlov, Mikhail and Power, Alethea and Kaiser, Lukasz and Bavarian, Mohammad and Winter, Clemens and Tillet, Philippe and Such, Felipe Petroski and Cummings, Dave and Plappert, Matthias and Chantzis, Fotios and Barnes, Elizabeth and Herbert-Voss, Ariel and Guss, William Hebgen and Nichol, Alex and Paino, Alex and Tezak, Nikolas and Tang, Jie and Babuschkin, Igor and Balaji, Suchir and Jain, Shantanu and Saunders, William and Hesse, Christopher and Carr, Andrew N. and Leike, Jan and Achiam, Josh and Misra, Vedant and Morikawa, Evan and Radford, Alec and Knight, Matthew and Brundage, Miles and Murati, Mira and Mayer, Katie and Welinder, Peter and McGrew, Bob and Amodei, Dario and McCandlish, Sam and Sutskever, Ilya and Zaremba, Wojciech},
  keywords = {Machine Learning (cs.LG), FOS: Computer and information sciences, FOS: Computer and information sciences},
  title = {Evaluating Large Language Models Trained on Code},
  publisher = {arXiv},
  year = {2021},
  copyright = {arXiv.org perpetual, non-exclusive license}
}

@inbook{github_bugs,
author = {Karampatsis, Rafael-Michael and Sutton, Charles},
title = {How Often Do Single-Statement Bugs Occur? The ManySStuBs4J Dataset},
year = {2020},
isbn = {9781450375177},
publisher = {Association for Computing Machinery},
address = {New York, NY, USA},
url = {https://doi.org/10.1145/3379597.3387491},
booktitle = {Proceedings of the 17th International Conference on Mining Software Repositories},
pages = {573–577},
numpages = {5}
}

@misc{chain_of_thought,
  doi = {10.48550/ARXIV.2203.11171},
  url = {https://arxiv.org/abs/2203.11171},
  author = {Wang, Xuezhi and Wei, Jason and Schuurmans, Dale and Le, Quoc and Chi, Ed and Narang, Sharan and Chowdhery, Aakanksha and Zhou, Denny},
  keywords = {Computation and Language (cs.CL), Artificial Intelligence (cs.AI), FOS: Computer and information sciences, FOS: Computer and information sciences},
  title = {Self-Consistency Improves Chain of Thought Reasoning in Language Models},
  publisher = {arXiv},
  year = {2022},
  copyright = {Creative Commons Attribution 4.0 International}
}

@inproceedings{empirical_eval,
author={Nhan Nguyen and Sarah Nadi},
title={An Empirical Evaluation of {GitHub Copilot's} Code Suggestions},
booktitle={Proceedings of the 19th ACM International Conference on Mining Software Repositories (MSR) },
year={2022},
pages={1--5},
url_Paper={https://www.dropbox.com/s/hx0sfvr8nff9i4v/Nhan_MSR2022.pdf?dl=0}
}

@inproceedings{stochastic_parrots, 
author = {Bender, Emily M. and Gebru, Timnit and McMillan-Major, Angelina and Shmitchell, Shmargaret}, title = {On the Dangers of Stochastic Parrots: Can Language Models Be Too Big?}, 
year = {2021}, 
isbn = {9781450383097}, 
publisher = {Association for Computing Machinery}, 
address = {New York, NY, USA}, 
url = {https://doi.org/10.1145/3442188.3445922}, 
doi = {10.1145/3442188.3445922}, 
booktitle = {Proceedings of the 2021 ACM Conference on Fairness, Accountability, and Transparency},
pages = {610–623}, 
numpages = {14}, 
location = {Virtual Event, Canada},
series = {FAccT '21} 
}

@misc{training_extraction,
  doi = {10.48550/ARXIV.2012.07805},
  url = {https://arxiv.org/abs/2012.07805},
  author = {Carlini, Nicholas and Tramer, Florian and Wallace, Eric and Jagielski, Matthew and Herbert-Voss, Ariel and Lee, Katherine and Roberts, Adam and Brown, Tom and Song, Dawn and Erlingsson, Ulfar and Oprea, Alina and Raffel, Colin},
  title = {Extracting Training Data from Large Language Models},
  publisher = {arXiv},
  year = {2020},
  copyright = {arXiv.org perpetual, non-exclusive license}
}

@misc{sae,
   url = {https://www.sae.org/standards/content/j3016_202104/},
   title = {Taxonomy and Definitions for Terms Related to Driving Automation Systems for On-Road Motor Vehicles},
   year = 2021,
   author = {Society for Automotive Engineers},
   edition = {2021-04-30},
   number = {J3016_202104}
}

 @misc{alphacode,
   doi = {10.48550/ARXIV.2203.07814},
   url = {https://arxiv.org/abs/2203.07814},
   author = {Li,  Yujia and Choi,  David and Chung,  Junyoung and Kushman,  Nate and Schrittwieser,  Julian and Leblond,  Rémi and Eccles,  Tom and Keeling,  James and Gimeno,  Felix and Lago,  Agustin Dal and Hubert,  Thomas and Choy,  Peter and d'Autume,  Cyprien de Masson and Babuschkin,  Igor and Chen,  Xinyun and Huang,  Po-Sen and Welbl,  Johannes and Gowal,  Sven and Cherepanov,  Alexey and Molloy,  James and Mankowitz,  Daniel J. and Robson,  Esme Sutherland and Kohli,  Pushmeet and de Freitas,  Nando and Kavukcuoglu,  Koray and Vinyals,  Oriol},
   keywords = {Programming Languages (cs.PL),  Artificial Intelligence (cs.AI),  Machine Learning (cs.LG),  FOS: Computer and information sciences,  FOS: Computer and information sciences},
   title = {Competition-Level Code Generation with AlphaCode},
   publisher = {arXiv},
   year = {2022},
   copyright = {Creative Commons Attribution 4.0 International}
 }

@INPROCEEDINGS{Karmakar2021,
  author={Karmakar, Anjan and Robbes, Romain},
  booktitle={2021 36th IEEE/ACM International Conference on Automated Software Engineering (ASE)}, 
  title={What do pre-trained code models know about code?}, 
  year={2021},
  volume={},
  number={},
  pages={1332-1336},
  doi={10.1109/ASE51524.2021.9678927},
  publisher = {IEEE},
  address = {Los Alamitos, CA, USA},
 }


 @inproceedings{Shokri2021,
   doi = {10.1109/ase51524.2021.9678705},
   url = {https://doi.org/10.1109/ase51524.2021.9678705},
   year = {2021},
   month = {nov},
   publisher = {IEEE},
   address = {Los Alamitos, CA, USA},
   author = {Ali Shokri},
   volume={},
   number={},
   pages={1388-1390},
   title = {A Program Synthesis Approach for Adding Architectural Tactics to An Existing Code Base},
   booktitle = {2021 36th {IEEE}/{ACM} International Conference on Automated Software Engineering ({ASE})}
 }
 
 @inproceedings{Gpt3,
 author = {Brown, Tom and Mann, Benjamin and Ryder, Nick and Subbiah, Melanie and Kaplan, Jared D and Dhariwal, Prafulla and Neelakantan, Arvind and Shyam, Pranav and Sastry, Girish and Askell, Amanda and Agarwal, Sandhini and Herbert-Voss, Ariel and Krueger, Gretchen and Henighan, Tom and Child, Rewon and Ramesh, Aditya and Ziegler, Daniel and Wu, Jeffrey and Winter, Clemens and Hesse, Chris and Chen, Mark and Sigler, Eric and Litwin, Mateusz and Gray, Scott and Chess, Benjamin and Clark, Jack and Berner, Christopher and McCandlish, Sam and Radford, Alec and Sutskever, Ilya and Amodei, Dario},
 booktitle = {Advances in Neural Information Processing Systems},
 editor = {H. Larochelle and M. Ranzato and R. Hadsell and M.F. Balcan and H. Lin},
 pages = {1877--1901},
 publisher = {Curran Associates, Inc.},
 title = {Language Models are Few-Shot Learners},
 url = {https://proceedings.neurips.cc/paper/2020/file/1457c0d6bfcb4967418bfb8ac142f64a-Paper.pdf},
 volume = {33},
 year = {2020}
}

@inproceedings{Ciniselli2021,
  doi = {10.1109/msr52588.2021.00024},
  url = {https://doi.org/10.1109/msr52588.2021.00024},
  year = {2021},
  month = may,
  publisher = {{IEEE}},
  pages={108-119},
  author = {Matteo Ciniselli and Nathan Cooper and Luca Pascarella and Denys Poshyvanyk and Massimiliano Di Penta and Gabriele Bavota},
  title = {An Empirical Study on the Usage of {BERT} Models for Code Completion},
  booktitle = {2021 {IEEE}/{ACM} 18th International Conference on Mining Software Repositories ({MSR})}
}

@inproceedings{mandelin2005, 
author = {Mandelin, David and Xu, Lin and Bod\'{\i}k, Rastislav and Kimelman, Doug}, 
title = {Jungloid Mining: Helping to Navigate the API Jungle}, 
year = {2005}, isbn = {1595930566},
publisher = {Association for Computing Machinery}, 
address = {New York, NY, USA}, 
url = {https://doi.org/10.1145/1065010.1065018}, 
doi = {10.1145/1065010.1065018}, 
booktitle = {Proceedings of the 2005 ACM SIGPLAN Conference on Programming Language Design and Implementation}, 
pages = {48–61}, 
numpages = {14}, 
location = {Chicago, IL, USA}, 
series = {PLDI '05} 
}

@misc{Copilot-web,
  url = {https://copilot.github.com},
  author = {GitHub},
  title = {GitHub Copilot},
  year= {2021},
  last-visited = {May 2022}
}

@misc{hettinger,
url = {https://www.youtube.com/watch?v=OSGv2VnC0go},
author = {Raymond Hettinger},
Title = {Transforming Code into Beautiful, Idiomatic Python},
last-visited = {May 2022}
}

@book{knupp,
  title={Writing Idiomatic Python 3.3},
  author={Knupp, J.},
  isbn={9781482374810},
  url={https://books.google.ca/books?id=EtdF4NMi\_NEC},
  year={2013},
  publisher={Createspace Independent Pub}
}

@book{Alchin2010,
  doi = {10.1007/978-1-4302-2758-8},
  url = {https://doi.org/10.1007/978-1-4302-2758-8},
  year = {2010},
  publisher = {Apress},
  author = {Marty Alchin},
  title = {Pro Python}
}

@book{fluent,
  added-at = {2018-04-06T06:44:08.000+0200},
  author = {Ramalho, L.},
  biburl = {https://www.bibsonomy.org/bibtex/263ddf6b70467a1316f1ed731e5e24409/achakraborty},
  description = {Fluent Python: Clear, Concise, and Effective Programming - Luciano Ramalho - Google Books},
  interhash = {7087e67e9c9c478008b380a3eff75838},
  intrahash = {63ddf6b70467a1316f1ed731e5e24409},
  isbn = {9781491946251},
  keywords = {2015 book oreilly python},
  publisher = {O'Reilly Media},
  timestamp = {2018-04-06T06:44:08.000+0200},
  title = {Fluent Python: Clear, Concise, and Effective Programming},
  url = {https://books.google.co.in/books?id=bIZHCgAAQBAJ},
  year = 2015
}

@book{expert,
  title={Expert Python Programming: Master Python by learning the best coding practices and advanced programming concepts, 4th Edition},
  author={Jaworski, M. and Ziad{\'e}, T.},
  isbn={9781801076197},
  url={https://books.google.ca/books?id=2tAwEAAAQBAJ},
  year={2021},
  publisher={Packt Publishing}
}

@misc{codebert,
  doi = {10.48550/ARXIV.2002.08155},
  url = {https://arxiv.org/abs/2002.08155},
  author = {Feng, Zhangyin and Guo, Daya and Tang, Duyu and Duan, Nan and Feng, Xiaocheng and Gong, Ming and Shou, Linjun and Qin, Bing and Liu, Ting and Jiang, Daxin and Zhou, Ming},
  title = {CodeBERT: A Pre-Trained Model for Programming and Natural Languages},
  publisher = {arXiv},
  year = {2020},
  copyright = {arXiv.org perpetual, non-exclusive license}
}

@article{Proksch2015,
  doi = {10.1145/2744200},
  url = {https://doi.org/10.1145/2744200},
  year = {2015},
  month = dec,
  publisher = {Association for Computing Machinery ({ACM})},
  volume = {25},
  number = {1},
  pages = {1--31},
  author = {Sebastian Proksch and Johannes Lerch and Mira Mezini},
  title = {Intelligent Code Completion with Bayesian Networks},
  journal = {{ACM} Transactions on Software Engineering and Methodology}
}
